@String{ ICRA = "{IEEE}/RAS Int. Conf. on Robotics and Automation" }

@String{ IROS = "{IEEE}/RSJ Int. Conf. on Intelligent Robots and Systems" }

@String{ HUMANOIDS = "{IEEE}-RAS Int. Conf. on Humanoid Robots" }

@TechReport{ adaptapprox10,
	AUTHOR = "N. Perrin and O. Stasse and F. Lamiraux and E. Yoshida",
	TITLE = "Adaptive sampling-based approximation of the sign of multivariate real-valued functions",
	YEAR = "2010",
	note = "Available at \url{http://hal.archives-ouvertes.fr/docs/00/54/48/91/PDF/approx.pdf}"
}

@Article{ leven2001trt,
	title = "Toward Real-Time Path Planning in Changing Environments",
	author = "P. Leven and S. Hutchinson",
	journal = "4th Workshop on the Algorithmic Foundations of Robotics (WAFR'00)",
	year = "2000"
}

@Article{ Nakamura:1987:ORC:33078.33081,
	author = "Y. Nakamura and H. Hanafusa",
	title = "Optimal redundancy control of robot manipulators",
	journal = "Int. Journal of Robotics Research",
	volume = "6",
	issue = "1",
	year = "1987",
	pages = "32--42"
}

@InProceedings{ Frisken:2000:ASD:344779.344899,
	author = "S.F. Frisken and R.N. Perry and A.P. Rockwood and T.R. Jones",
	title = "Adaptively sampled distance fields: a general representation of shape for computer graphics",
	booktitle = "27th annual conference on Computer graphics and interactive techniques (SIGGRAPH'00)",
	year = "2000",
	pages = "249--254"
}

@InProceedings{ Lavalle00,
	author = "S.M. LaValle and J.J. Kuffner",
	title = "{R}apidly-{E}xploring {R}andom {T}rees: {P}rogress and {P}rospects",
	booktitle = "4th Workshop on the Algorithmic Foundations of Robotics (WAFR'00)",
	year = "2000",
	pages = "293--308"
}

@InProceedings{ Harada10,
	author = "K. Harada",
	title = "Motion Planning for a Humanoid Robot Based on a Biped Walking Pattern Generator",
	booktitle = "Motion Planning for Humanoid Robots",
	publisher = "Springer",
	year = "2010",
	pages = "192--197"
}

@Article{ Kavraki96probabilisticroadmaps,
	author = "L.E. Kavraki and P. Svestka and J.-C. Latombe and M.H. Overmars",
	title = "Probabilistic Roadmaps for Path Planning in High-Dimensional Configuration Spaces",
	journal = "IEEE Transactions on Robotics and Automation",
	year = "1996",
	volume = "12",
	pages = "566--580"
}

@InCollection{ springerlink:10.1007/978-3-540-68405-3_2,
	author = "L. Jaillet and T. Sim{\'e}on",
	title = "Path Deformation Roadmaps",
	booktitle = "Algorithmic Foundation of Robotics VII",
	series = "Springer Tracts in Advanced Robotics",
	pages = "19--34",
	volume = "47",
	year = "2008"
}

@InProceedings{ KalMat04,
	author = "M. Kallmann and M. Mataric",
	title = "Motion Planning Using Dynamic RoadMaps",
	booktitle = "IEEE Int. Conference on Robotics and Automation",
	year = "2004",
	month = "April",
	address = "New Orleans, Louisiana"
}

@InProceedings{ herdt:iros:10,
	author = "A. Herdt and N. Perrin and P.-B. Wieber",
	title = "Walking without thinking about it",
	booktitle = "IEEE Int. Conference on Intelligent Robots and Systems (IROS'10)",
	year = "2010",
	url = "http://staff.aist.go.jp/n.perrin/HERDT_IROS_2010.pdf"
}

@InProceedings{ KufNisKagKunInaIno02,
	author = "J.~Kuffner and K.~Nishiwaki and S.~Kagami and Y.~Kuniyoshi and M.~Inaba and H.~Inoue",
	title = "Self-Collision Detection and Prevention for Humanoid Robots",
	booktitle = "IEEE Int. Conference on Robotics and Automation",
	year = 2002,
	address = "Washington, USA",
	month = "May",
	pages = "2265--2270"
}

@InProceedings{ Chestnutt_2006_5320,
	author = "J.~Chestnutt and P.~Michel and K.~Nishiwaki and J.~Kuffner and S.~Kagami",
	title = "An Intelligent Joystick for Biped Control",
	booktitle = "IEEE Int. Conf. on Robotics and Automation (ICRA'06)",
	pages = "860--865",
	year = "2006"
}

@InProceedings{ Diankov_2007_5948,
	author = "R. Diankov and J. Kuffner",
	title = "Randomized Statistical Path Planning",
	booktitle = "IEEE/RSJ Int. Conf. on Intelligent Robots and Systems (IROS'07)",
	month = "October",
	year = "2007"
}

@InProceedings{ Elmogy09,
	author = "M. Elmogy and C. Habel and J. Zhang",
	title = "Online motion planning for HOAP-2 humanoid robot navigation",
	booktitle = "IEEE/RSJ Int. Conf. on Intelligent Robots and Systems (IROS'09)",
	year = "2009"
}

@InProceedings{ Xia09,
	author = "Z. Xia and G. Chen and J. Xiong and Q. Zhao and K. Chen",
	title = "A random sampling-based approach to goal-directed footstep planning for humanoid robots",
	booktitle = "IEEE/ASME Int. Conf. on Advanced Intelligent Mechatronics (AIM'09)",
	pages = "168--173",
	year = "2009"
}

@InProceedings{ Ayaz06,
	author = "Y. Ayaz and K. Munawar and M. Bilal Malik and A. Konno and M. Uchiyama",
	title = "Human-Like Approach to Footstep Planning Among Obstacles for Humanoid Robots",
	booktitle = "IEEE/RSJ Int. Conf. on Intelligent Robots and Systems (IROS'06)",
	year = "2006"
}

@Article{ YosEstBelLauSakYok2008,
	author = "E. Yoshida and C. Esteves and I. Belousov and J.-P. Laumond and T. Sakaguchi and K. Yokoi",
	title = "{P}lanning 3{D} {C}ollision-{F}ree {D}ynamic {R}obotic {M}otion through {I}terative Reshaping",
	journal = "IEEE Trans. on Robotics",
	year = "2008",
	volume = "24",
	pages = "1186--1198",
	number = "5"
}

@InProceedings{ Yoshida05humanoidmotion,
	author = "E. Yoshida and I. Belousov and C. Esteves and J.-P. Laumond",
	title = "Humanoid motion planning for dynamic tasks",
	booktitle = "IEEE/RAS Int. Conf. on Humanoid Robotics (Humanoids'05)",
	year = "2005",
	pages = "1--6"
}

@InProceedings{ Dalibard09,
	author = "S. Dalibard and A. Nakhaei and F. Lamiraux and J.-P. Laumond",
	title = "Whole-Body Task Planning for a Humanoid Robot: a Way to Integrate Collision Avoidance",
	booktitle = "IEEE/RAS Int. Conf. on Humanoid Robotics (Humanoids'09)",
	year = "2009"
}

@InProceedings{ Nakaoka04legmotion,
	author = "S. Nakaoka and A. Nakazawa and K. Yokoi and K. Ikeuchi",
	title = "Leg Motion Primitives for a Dancing Humanoid Robot",
	booktitle = "IEEE Int. Conf. on Robotics and Automation",
	year = "2004",
	pages = "610--615"
}

@InProceedings{ Kajita03bipedwalking,
	author = "S.~Kajita and F.~Kanehiro and K.~Kaneko and K.~Fujiwara and K.~Harada and K.~Yokoi",
	title = "Biped walking pattern generation by using preview control of zero-moment point",
	booktitle = "IEEE Int. Conf. on Robotics and Automation (ICRA'03)",
	year = "2003",
	pages = "1620--1626"
}

@InProceedings{ Yershova05dynamic-domainrrts,
	author = "A. Yershova and L. Jaillet and T. Sim{\'e}on and S. LaValle",
	title = "Dynamic-Domain RRTs: Efficient Exploration by Controlling the Sampling Domain",
	booktitle = "IEEE Int. Conf. on Robotics and Automation",
	year = "2005",
	pages = "3867--3872"
}

@InProceedings{ KufNisKagInaIno2001,
	author = "J.~Kuffner and K.~Nishiwaki and S.~Kagami and M.~Inaba and H.~Inoue",
	title = "Footstep planning among obstacles for biped robots",
	booktitle = "IEEE/RSJ Int. Conf. on Intelligent Robots and Systems (IROS'01)",
	pages = "500--505",
	year = 2001
}

@InProceedings{ Kanehiro10,
	author = "F. Kanehiro and M. Morisawa and W. Suleiman and K. Kaneko and E. Yoshida",
	title = "Integrating Geometric Constraints into Reactive Leg Motion Generation",
	booktitle = "IEEE/RSJ Int. Conf. on Intelligent Robots and Systems (IROS'10)",
	year = 2010
}

@InProceedings{ KajKanKanFujTokHir2002,
	author = "S.~Kajita and F.~Kanehiro and K.~Kaneko and K.~Fujiwara and K.~Yokoi and H.~Hirukawa",
	title = "A realtime pattern generator for biped walking",
	booktitle = "IEEE Int. conference on robotics and automation",
	pages = "31--37",
	year = 2002,
	address = "Washington, USA"
}

@InProceedings{ Kim:2003,
	author = "Y.J. Kim and G. Varadhan and M.C. Lin and D. Manocha",
	title = "Fast swept volume approximation of complex polyhedral models",
	booktitle = "8th ACM symposium on Solid modeling and applications",
	year = "2003",
	pages = "11--22"
}

@InProceedings{ Chestnutt07,
	author = "J. Chestnutt and K. Nishiwaki and J.J. Kuffner and S. Kagami",
	title = "An adaptive action model for legged navigation planning",
	booktitle = "IEEE/RAS Int. Conf. on Humanoid Robotics (Humanoids'07)",
	pages = "196--202",
	year = 2007
}

@InProceedings{ NakLam2008,
	author = "A.~Nakhaei and F.~Lamiraux",
	title = "Motion Planning for Humanoid Robots in Environments Modeled by Vision",
	booktitle = "IEEE Int. Conference on Humanoid Robots",
	year = 2008,
	address = "Daejeon, Korea",
	month = "December"
}

@InProceedings{ Ting:ICRA:2008,
	author = "J.-A. Ting and A. D'Souza and S. Vijayakumar and S. Schaal",
	title = "A Bayesian Approach to Empirical Local Linearization For Robotics",
	OPTcrossref = "",
	OPTkey = "",
	booktitle = "IEEE/RAS Int. Conference on Robotics and Automation (ICRA)",
	pages = "2860--2865",
	year = "2008",
	OPTeditor = "",
	OPTvolume = "",
	OPTnumber = "",
	OPTseries = "",
	OPTaddress = "",
	OPTmonth = "",
	OPTorganization = "",
	OPTpublisher = "",
	OPTnote = "",
	OPTannote = ""
}

@Article{ Sugiyama:AR:2008,
	author = "M. Sugiyama and H. Hachiya and C. Towell and S. Vijayakumar",
	title = "Geodesic Gaussian kernels for value function approximation",
	journal = "Autonomous Robot",
	year = "2008",
	OPTkey = "",
	volume = "25",
	OPTnumber = "",
	pages = "287--304",
	OPTmonth = "",
	OPTnote = "",
	OPTannote = ""
}

@Article{ Hersch:TRO:2008,
	author = "M. Hersch and F. Guenter and S. Calinon and A. Billard",
	title = "Dynamical System Modulation for Robot Learning via Kinesthetic Demonstrations",
	journal = "IEEE Transactions on Robotics",
	year = "2008",
	OPTkey = "",
	volume = "24",
	number = "6",
	pages = "1463--1467",
	OPTmonth = "",
	OPTnote = "",
	OPTannote = ""
}

@InProceedings{ Takubo:ICRA:2007,
	author = "T. Takubo and T. Tanaka and K. Inoue and T. Arai",
	title = "Emergent walking stop using 3-D ZMP modification criteria map for humanoid robot",
	OPTcrossref = "",
	OPTkey = "",
	booktitle = "IEEE Int. Conf. on Robotics and Automation (ICRA '07)",
	pages = "2676--2681",
	year = "2007",
	OPTeditor = "",
	OPTvolume = "",
	OPTnumber = "",
	OPTseries = "",
	OPTaddress = "",
	OPTmonth = "",
	OPTorganization = "",
	OPTpublisher = "",
	OPTnote = "",
	OPTannote = ""
}

@InProceedings{ Morisawa:ICRA:2007,
	author = "M. Morisawa and K. Harada and S. Kajita and S. Nakaoka and K. Fujiwara and F. Kanehiro and K. Kaneko and H. Hirukawa",
	title = "Experimentation of Humanoid Walking Allowing Immediate Modification of Foot Place Based on Analytical Solution",
	booktitle = "IEEE Int. Conf. on Robotics and Automation",
	OPTcrossref = "",
	OPTkey = "",
	pages = "3989--3994",
	year = "2007",
	OPTeditor = "",
	OPTvolume = "",
	OPTnumber = "",
	OPTseries = "",
	OPTaddress = "",
	OPTmonth = "",
	OPTorganization = "",
	OPTpublisher = "",
	OPTnote = "",
	OPTannote = ""
}

@Article{ DBLP:journals/ijhr/HaradaKKH06,
	author = "K. Harada and S. Kajita and K. Kaneko and H. Hirukawa",
	title = "An Analytical Method for Real-Time Gait Planning for Humanoid Robots",
	journal = "I. J. Humanoid Robotics",
	volume = "3",
	number = "1",
	year = "2006",
	pages = "1--19"
}

@InProceedings{ Bourgeot:IROS:2002,
	author = "J.-M. Bourgeot and N. Cislo and B. Espiau",
	title = "Path-planning and tracking in a 3d complex environment for an anthropomorphic biped robot.",
	OPTcrossref = "",
	OPTkey = "",
	booktitle = "IEEE Intl. Conf. on Intelligent Robots and Systems",
	pages = "2509--2514",
	year = "2002",
	OPTeditor = "",
	volume = "3",
	OPTnumber = "",
	OPTseries = "",
	OPTaddress = "",
	OPTmonth = "",
	OPTorganization = "",
	OPTpublisher = "",
	OPTnote = "",
	OPTannote = ""
}

@Article{ Stasse:AR:08,
	author = "O. Stasse and B. Verrelst and P.-B. Wieber and B. Vanderborght and P. Evrard and A. Kheddar and K. Yokoi",
	title = "Modular Architecture for Humanoid Walking Pattern Prototyping and Experiments",
	journal = "Advanced Robotics, Special Issue on Middleware for Robotics --Software and Hardware Module in Robotics System",
	volume = "22",
	number = "6",
	pages = "589--611",
	year = "2008"
}

@Article{ Mirtich:TOG:98,
	author = "B. Mirtich",
	title = "V-Clip: fast and robust polyhedral collision detection",
	journal = "ACM Transactions on Graphics (TOG)",
	year = "1998",
	OPTkey = "",
	volume = "17",
	number = "3",
	pages = "177--208",
	OPTmonth = "",
	OPTnote = "",
	OPTannote = ""
}

@InProceedings{ Kuffner03,
	author = "J. Kuffner and K. Nishiwaki and S. Kagami and M. Inaba and H. Inoue",
	title = "Motion Planning for Humanoid Robots",
	booktitle = "11th Int’l Symp. of Robotics Research",
	year = "2003"
}

@InProceedings{ Chestnutt:ICRA:2005,
	author = "J. Chestnutt and M. Lau and G. Cheung and J. Kuffner and J. Hodgins and T. Kanade",
	title = "Footstep planning for the {H}onda {ASIMO} {H}umanoid",
	booktitle = ICRA,
	pages = "631--636",
	year = "2005"
}

@InProceedings{ Chestnutt03,
	author = "J. Chestnutt and J. Kuffner and K. Nishiwaki and S. Kagami",
	title = "Planning Biped Navigation Strategies in Complex Environments",
	booktitle = "IEEE Int. Conf. on Humanoid Robotics (Humanoids'03)",
	year = "2003"
}

@Book{ Press92,
	author = "W.H. Press and B.P. Flannery and S.A. Teukolsky and W.T. Vetterling",
	title = "Numerical Recipes in C: The Art of Scientific Computing",
	editor = "Cambridge University Press",
	year = "1992"
}

@InProceedings{ Schuerer02,
	author = {R. Sch{\"u}rer},
	title = "Adaptive Quasi-Monte Carlo Integration Based on MISER and VEGAS",
	booktitle = "5th Int'l Conference on Monte Carlo and Quasi-Monte Carlo Methods in Scientific Computing",
	year = "2002"
}

@Article{ Smola03,
	author = {Alex J. Smola and Bernhard Sch{\"o}lkopf},
	title = "A tutorial on support vector regression",
	journal = "Statistics and Computing",
	volume = "14",
	number = "3",
	year = "2004",
	issn = "0960-3174",
	pages = "199--222",
	doi = "http://dx.doi.org/10.1023/B:STCO.0000035301.49549.88",
	publisher = "Kluwer Academic Publishers",
	address = "Hingham, MA, USA"
}

@Article{ Vuko04,
	author = "M. Vukobratovic and B. Borovac",
	title = "Zero-moment point -- Thirty five years of its life",
	journal = "Int. Journal of Humanoid Robotics",
	volume = "1",
	number = "1",
	year = "2004",
	pages = "157--173"
}

@TechReport{ Moenning03,
	author = "Carsten Moenning and Neil A. Dodgson and Neil A. Dodgson and Carsten Moenning and Carsten Moenning",
	title = "Fast Marching farthest point sampling for point clouds and implicit surfaces",
	institution = "",
	year = "2003"
}

@TechReport{ Schittkowski05,
	author = "K. Schittkowski",
	title = "QL: A Fortran Code for Convex Quadratic Programming - User's Guide, Version 2.11",
	institution = "University of Bayreuth",
	year = "2005"
}

@InProceedings{ Hachisuka08,
	author = "Toshiya Hachisuka and Wojciech Jarosz and Richard Peter Weistroffer and Kevin Dale and Greg Humphreys and Matthias Zwicker and Henrik Wann Jensen",
	title = "Multidimensional adaptive sampling and reconstruction for ray tracing",
	booktitle = "SIGGRAPH '08: ACM SIGGRAPH 2008 papers",
	year = "2008",
	pages = "1--10",
	location = "Los Angeles, California",
	doi = "http://doi.acm.org/10.1145/1399504.1360632",
	publisher = "ACM",
	address = "New York, NY, USA"
}

@InProceedings{ Hasegawa03,
	author = "T. Hasegawa and K. Nakagawa and K. Murakami",
	title = "Collision-free path planning of a telerobotic manipulator based on swept volume of teleoperated manipulator",
	booktitle = "5th IEEE Int. Symp. on Assembly and Task Planning",
	year = "2003"
}

@InProceedings{ perrin:icra:10,
	author = "N. Perrin and O. Stasse and F. Lamiraux and E. Yoshida",
	title = "{A}pproximation of {F}easibility {T}ests for {R}eactive {W}alk on {HRP}-2",
	booktitle = "IEEE Int. Conf. on Robotics and Automation (ICRA'10)",
	pages = "4243--4248",
	year = "2010"
}

@Article{ Nishiwaki:IJRR:09,
	author = "K. Nishiwaki and S. Kagami",
	title = "Online Walking Control System for Humanoids with Short Cycle Pattern Generation",
	journal = "Int. Journal of Robotics Research",
	year = "2009",
	OPTkey = "",
	volume = "28",
	OPTnumber = "",
	pages = "729--742",
	OPTmonth = "",
	OPTnote = "",
	OPTannote = ""
}

@InProceedings{ JiaPanWafr10,
	author = "D. Manocha {J. Pan}",
	title = "GPU-based Parallel Collision Detection for Real-time Motion Planning",
	booktitle = "9th Workshop on the Algorithmic Foundations of Robotics (WAFR'10)",
	year = "2010"
}

@InProceedings{ JiaPanAAAI10,
	author = "C. Lauterbach D. Manocha {J. Pan}",
	title = "g-Planner: Real-time Motion Planning and Global Navigation using GPUs",
	booktitle = "9th Workshop on the Algorithmic Foundations of Robotics (AAAI'10)",
	year = "2010"
}

@InProceedings{ Schwarzer02,
	author = "F. Schwarzer and M. Saha and J.-C. Latombe",
	title = "Exact collision checking of robot paths",
	OPTcrossref = "",
	OPTkey = "",
	booktitle = "5th Workshop on the Algorithmic Foundations of Robotics (WAFR'02)",
	OPTpages = "",
	year = "2002"
}

@Article{ Himmelstein,
	author = "J.C. Himmelstein and E. Ferre and J.-P. Laumond",
	title = "Swept Volume Approximation of Polygon Soups",
	journal = "IEEE Transactions on Automation Science and Engineering",
	year = "2009",
	volume = "7",
	number = "1",
	pages = "177--183",
	OPTmonth = "",
	OPTnote = "",
	OPTannote = ""
}

@InProceedings{ Karaman:RSS:2010,
	author = "S. Karaman and E. Frazzoli",
	title = "Incremental Sampling-based Algorithms for Optimal Motion Planning",
	booktitle = "Robotics Science and Systems VI",
	journal = "CoRR",
	year = "2010",
	ee = "http://arxiv.org/abs/1005.0416",
	bibsource = "DBLP, http://dblp.uni-trier.de"
}

@Article{ Kajita:RAM:2007,
	author = "S. Kajita and T. Nagasaki and K. Kaneko and H. Hirukawa",
	title = "ZMP-Based Biped Running Control",
	journal = "Robotics and Automation Magazine",
	year = "2007",
	OPTkey = "",
	volume = "14",
	number = "2",
	pages = "63--72",
	OPTmonth = "",
	OPTnote = "",
	OPTannote = ""
}

@InProceedings{ Benallegue:ICRA:2009,
	author = "M.~Benallegue and A.~Escande and S.~Miossec and A.~Kheddar",
	title = "Fast $C^1$ proximity queries using support mapping of sphere-torus-patches bounding volumes",
	booktitle = "IEEE Int. Conf. on Robotics and Automation (ICRA'09)",
	year = "2009",
	pages = "483--488"
}

@Article{ Suleiman:TRO:2010,
	author = "W. Suleiman and F. Kanehiro and E. Yoshida and J.-P. Laumond and A. Monin",
	title = "Time Parameterization of Humanoid-Robot Paths",
	journal = "IEEE Transactions on Robotics",
	year = "2010",
	OPTkey = "",
	OPTvolume = "",
	OPTnumber = "",
	pages = "458--468",
	OPTmonth = "",
	OPTnote = "",
	OPTannote = ""
}

@InProceedings{ Hardwick98flexiblealgorithms,
	author = "P. Hardwick and Q.F. Stout",
	title = "Flexible algorithms for creating and analyzing adaptive sampling procedures",
	booktitle = "Developments and Applications in Experimental Design, IMS Lec. Notes--Mono. Series 34",
	year = "1998",
	pages = "91--105"
}

@Article{ perrin:TRO:2011,
	author = "N. Perrin and O. Stasse and L. Baudouin and F. Lamiraux and E. Yoshida",
	title = "Fast humanoid robot collision-free footstep planning using swept volume approximations",
	journal = "IEEE Transactions on Robotics",
	year = "2011",
	OPTkey = "",
	OPTvolume = "",
	OPTnumber = "",
	OPTpages = "",
	OPTmonth = "",
	note = "conditionnally accepted",
	OPTannote = ""
}

@InProceedings{ perrin:ICRA:2011,
	author = "N. Perrin and F. Lamiraux {O. Stasse} and E. Yoshida",
	title = "A Biped Walking Pattern Generator based on {\grqq}Half-Steps” for Dimensionality Reduction",
	booktitle = ICRA,
	pages = "1270--1275",
	year = "2011"
}

@InProceedings{ LaValle:WAFR:2000,
	author = "S.M. LaValle and J.J. Kuffner",
	title = "Rapidly-exploring random trees: {P}rogress and prospects",
	booktitle = "Workshop on the Algorithmic Foundations of Robotics",
	pages = "293--308",
	year = "2000"
}

@InProceedings{ Larsen:ICRA:2000,
	author = "E. Larsen and S. Gootschalk and M.C. Lin and D. Manocha",
	title = "{F}ast {P}roximity {Q}ueries with {S}wept {S}phere {V}olumes",
	booktitle = ICRA,
	pages = "3719--3726",
	year = "2000"
}

@Article{ mansard:ieeetro:2007,
	author = "N. Mansard and F. Chaumette",
	title = "{Task Sequencing for Sensor-Based Control}",
	journal = "IEEE Transactions on Robotics",
	year = "2007",
	volume = " 23",
	pages = "60--72",
	number = "1",
	month = "February"
}

@Article{ stasse:isr:09,
	author = "O. Stasse and R.Ruland and F. Lamiraux and A. Kheddar and K. Yokoi and W. Prinz",
	title = "Integration of Humanoid Robots in Collaborative Working Environment: A case study on motion generation",
	journal = "Intelligent Service Robotics",
	volume = "2",
	number = "3",
	pages = "153",
	year = "2009"
}

@Article{ gutmann:ijrr:2008,
	author = "J.-S. Gutmann and M. Fukuchi and M. Fujita",
	title = "3{D} {P}erception and {E}nvironment {M}ap {G}eneration for {H}umanoid {R}obot {N}avigation",
	journal = "International Journal of Robotics Research",
	year = "2008",
	volume = "27",
	pages = "1117--1134"
}

@InBook{ Chestnutt:MPHR:2010,
	author = "J. Chestnutt and K. Harada and E. Yoshida and Y. Kazuhito",
	title = "Motion Planning for Humanoid Robots",
	chapter = "Navigation and gait planning",
	publisher = "Springer-Verlag",
	year = "2010",
	pages = "1--28"
}

@InProceedings{ Chestnutt:IROS:2009,
	author = "J. Chestnutt and K. Nishiwaki and J. Kuffner and S. Kagami",
	title = "Interactive {C}ontrol of {H}umanoid {N}avigation",
	booktitle = IROS,
	year = "2011",
	pages = "3519--3524"
}

@InProceedings{ Chestnutt:Humanoids:2005,
	author = "P. Michel and J. Chestnutt and J. Kuffner and T. Kanade",
	title = "{V}ision-Guided {H}umanoid {F}ootstep {P}lanning for {D}ynamic {E}nvironments",
	booktitle = HUMANOIDS,
	year = "2005",
	pages = "13--18"
}

@InProceedings{ Yoshida:ICRA:2011,
	author = "E. Yoshida and F. Kanehiro",
	title = "{R}eactive {R}obot {M}otion using {P}ath {R}eplanning and {D}eformation",
	booktitle = ICRA,
	year = "2011",
	pages = "5457--5462"
}

@InProceedings{ baudouin:humanoids:11,
	author = "L. Baudouin and N. Perrin and O. Stasse and T. Moulard and E. Yoshida and F. Lamiraux",
	title = "{R}eal-time {R}eplanning {U}sing 3{D} {E}nvironment for {H}umanoid {R}obot",
	booktitle = "IEEE Int. Conf. on Humanoid Robotics (Humanoids'11)",
	year = "2011"
}

@InProceedings{ astar,
	author = "P. E. Hart and N. J. Nilsson and B. Raphael",
	title = "{A} {F}ormal {B}asis for the {H}euristic {D}etermination of {M}inimum {C}ost {P}aths",
	booktitle = "IEEE Transactions on Systems Science and Cybernetics (SSC4)",
	year = "1968",
	pages = "100--107"
}

@PhDThesis{ chestnutt:thesis,
	author = "J. Chestnutt",
	title = "{N}avigation {P}lanning for {L}egged {R}obots",
	booktitle = "Thesis Proposal",
	year = "2006",
	school = "Carnegie Mellon University
"
}

